@book{Bloggs70,
   author = "Bloggs, Joe",
   title = "A compendium of facts",
   year = "1970"
}
